@article{wcam-1,
	author = {Pancratov C. and Kurzer J.M. and Shaw K.A. and  Trawick M.L.},
	title = {Why Computer Architecture Matters},
	journal = {Computing in Science \& Engineering},
	volume = 10,
	year = 2008,
	issn = {1521-9615},
}

@article{wcam-2,
	author = {Pancratov C. and  Kurzer J.M. and  Shaw K.A. and Trawick M.L.},
	title = {Why Computer Architecture Matters: Memory Access},
	journal = {Computing in Science \& Engineering},
	volume = 10,
	year = 2008,
	issn = {1521-9615},
}

@article{wcam-3,
	author = {Pancratov C. and Kurzer J.M. and Shaw K.A. and Trawick M.L.},
	title = {Why Computer Architecture Matters: Thinking through Trade-offs in Your Code},
	journal = {Computing in Science \& Engineering},
	volume = 10,
	year = 2008,
	issn = {1521-9615},
}
