@article{wcam-1,
	author = {R. W. Klopfenstein RCA Labs, Princeton, NJ},
	title = {Applications of Differential Equations in General Problem Solving},
	journal = {Communications of the ACM},
	volume = 8,
	number = 9,
	year = 1965,
	issn = {0001-0782},
}
